@inbook{ DPBook,
editor = {Alessandro Acquisti and Stefanos Gritzalis and Costas Lambrinoudakis and Sabrina De Capitani di Vimercati},
title = {Digital Privacy: Theory, Technologies, and Practices},
year = {2008},
publisher = {Auerbach Publications},
chapter = {Privacy Perceptions among Members of Online Communities},
pages = {253--266},
}

@article{ EvoPriv2,
author = {Michael C.},
title = {The Evolution of Privacy on Facebook},
journaltitle = {Control, Privacy, and Technology},
year = {2011},
note = {\url{http://www.yalelawtech.org/control-privacy-technology/evolution-of-facebook-privacy}, accessed 30.09.2013},
}

@article{ EvoPriv,
author = {Matt McKeon},
title = {The Evolution of Privacy on Facebook},
year = {2010},
note = {\url{http://www.mattmckeon.com/facebook-privacy}, accessed 26.09.201},
}

@article{ PrivTimeline,
author = {Kurt Opsahl},
title = {Facebook's Eroding Privacy Policy: A Timeline},
year = {2010},
note = {\url{https://www.eff.org/deeplinks/2010/04/facebook-timeline}, accessed 02.10.201},
}


@article{ Erdenneher,
author = {Kurt Opsahl},
title = {Facebook's Eroding Privacy Policy: A Timeline},
year = {2010},
note = {\url{https://www.eff.org/deeplinks/2010/04/facebook-timeline}, accessed 02.10.201},
}





