@misc{ EvoPriv,
       	author = "Matt McKeon",
       	title = "The Evolution of Privacy on Facebook",
       	year = "2010",
	url = "http://www.mattmckeon.com/facebook-privacy",
	note ={Last checked: 26.09.2013 }


@book{ DPBook ,
     	editor = "Alessandro Acquisti and Stefanos Gritzalis and Costas Lambrinoudakis and Sabrina De Capitani di Vimercati",
       	title = "Digital Privacy: Theory, Technologies, and Practices",
	publisher = "Auerbach",
      	year = "2008" }

@misc{ EvoPriv2,
       	author = "Michael C.",
       	title = "The Evolution of Privacy on Facebook",
       	year = "2011",
	url = "http://www.yalelawtech.org/control-privacy-technology/evolution-of-facebook-privacy/",
	note ={Last checked: 30.09.2013 }





@article{ xx,
     	author = "",
       	title = "",
	journal = "",
      	year = "" }

@book{ xx,
     	author = "",
       	title = "",
	publisher = "",
      	year = "" }

@techreport{ xx,
     	author = "",
       	title = "",
	institution = "",
      	year = "" }